@article{10.1109/TVCG.2008.81,
author = {Henry Kang and Seungyong Lee and Charles K. Chui},
title = {Flow-Based Image Abstraction},
journal ={IEEE Transactions on Visualization and Computer Graphics},
volume = {15},
number = {1},
issn = {1077-2626},
year = {2009},
pages = {62-76},
doi = {http://doi.ieeecomputersociety.org/10.1109/TVCG.2008.81},
publisher = {IEEE Computer Society},
address = {Los Alamitos, CA, USA},
}